%% LaTeX2e file `mybib.bib'
%% generated by the `filecontents' environment
%% from source `documentation' on 2020/06/13.
%%
@misc{fibtree,
  author        = {Nate Foster},
  title         = {Lecture 20, CS3110 Spring 2012, Data Structures and Functional Programming},
  month         = {April},
  year          = {2012},
  URL         = \url{https://www.cs.cornell.edu/courses/cs3110/2012sp/lectures/lec20-master/lec20.html},
  publisher={Cornell University, Computer Science}
}
