@misc{fibtree,
  author        = {Nate Foster},
  title         = {Lecture 20, CS3110 Spring 2012, Data Structures and Functional Programming},
  month         = {April},
  year          = {2012},
  URL         = {https://www.cs.cornell.edu/courses/cs3110/2012sp/lectures/lec20-master/lec20.html},
  publisher = {Cornell University, Computer Science}
}


@book{clrs, author = {Cormen, Thomas H. and Leiserson, Charles E. and Rivest, Ronald L. and Stein, Clifford}, title = {Introduction to Algorithms, Third Edition}, year = {2009}, isbn = {0262033844}, publisher = {The MIT Press}, edition = {3rd} }



@misc{so,
  title = {What's the difference between recursion, memoization \& dynamic programming?},
  author = {Tomazos (https://stackoverflow.com/users/1131467/andrew-tomazos)},
  url = {https://stackoverflow.com/a/12134358}
}